

@ARTICLE{McCaffrey:1981,
  author       = {{McCaffrey, B.J.} and {Quintiere, J.Q.} and {Harkleroad, M.F.}},
  title        = {Estimating Room Temperatures and the Likelihood of Flashover Using Fire Test Data Correlations},
  journal      = {Fire Technology},
  year         = {1981},
  volume       = {17},
  pages        = {98-119},
}


@BOOK{Drysdale:1985,
  author       = {{D. Drysdale, D.}},
  title        = {An Introduction to Fire Dynamics},
  year         = {1985},
  publisher    = {John Wiley and Sons},
}


@MISC{Heskestad:1995,
  author       = {{Heskestad, G.}},
  title        = {{Fire Plumes}},
  howpublished  = {{\it {SFPE} {Handbook} of {Fire} {Protection} {Engineering} (2nd ed.)}},
  year         = {DiNenno, P. J. (ed.), National Fire Protection Association, Quincy, MA 02269, 1995, p. {\bf 2}/9},
}

@TECHREPORT{Davis:2000,
  author = {{Davis, W.D.} and {Reneke, P.}},
  title = {Predicting Smoke Concentration in the Ceiling Jet},
  institution = {National Institute of Standards and Technology},
  year = {2000},
  type   = {NISTIR},
  number = {6480},
  address = {Gaithersburg, Maryland}
}


@ARTICLE{McDermott:2014,
  author       = {R. J. McDermott},
  title        = {A velocity divergence constraint for large-eddy simulation of low-{Mach} flows},
  journal      = {J. Comput. Phys.},
  year         = {2014},
  volume       = {274},
  pages        = {413-431},
}


@INPROCEEDINGS{McDermott:2013,
  author       = {R. J. McDermott and C. Weinschenk},
  title        = {A partially-stirred batch reactor model for under-ventilated fire dynamics},
  booktitle    = {American Physical Society - Division of Fluid Dynamics Annual Meeting Abstracts},
  year         = {2013},
  address      = {Pittsburg, PA},
}


@ARTICLE{McDermott:2015,
  author       = {R. J. McDermott and J. E. Floyd},
  title        = {Enforcing realizability in explicit, multi-component species transport},
  journal      = {Fire Safety J.},
  year         = {2015},
  volume       = {78},
  pages        = {180-187},
}

